<?xml version="1.0" encoding="UTF-8"?><collection xmlns="http://www.loc.gov/MARC21/slim"><record><leader>00536nam--2200205-u-4500</leader><controlfield tag="001">000050489</controlfield><controlfield tag="002">20161230</controlfield><controlfield tag="003">81880</controlfield><controlfield tag="005">20170223101836</controlfield><controlfield tag="008">070405s1000------------r-----000-0-eng-d</controlfield><datafield ind1=" " ind2=" " tag="020"><subfield code="a">981-238-945-8</subfield></datafield><datafield ind1=" " ind2=" " tag="040"><subfield code="a">IFIN-HH</subfield></datafield><datafield ind1=" " ind2=" " tag="041"><subfield code="a">eng</subfield></datafield><datafield ind1="1" ind2=" " tag="100"><subfield code="a">Glendenning,Norman K</subfield></datafield><datafield ind1="1" ind2="0" tag="245"><subfield code="a">Direct Nuclear Reactions</subfield><subfield code="c">Norman K. Glendenning</subfield></datafield><datafield ind1=" " ind2=" " tag="260"><subfield code="a">New Jewrsey</subfield><subfield code="b">World Scientific</subfield><subfield code="c">2004</subfield></datafield><datafield ind1=" " ind2=" " tag="300"><subfield code="a">378 p</subfield></datafield><datafield ind1=" " ind2="4" tag="650"><subfield code="a">Direct and Compund Nuclear Reaction</subfield></datafield><datafield ind1=" " ind2=" " tag="852"><subfield code="a">81880</subfield><subfield code="c">539.17</subfield></datafield><datafield ind1=" " ind2=" " tag="CAT"><subfield code="a">SYS</subfield><subfield code="c">20170223</subfield><subfield code="h">101836</subfield></datafield></record></collection>